@incollection{Partee:1995,
        Author = {Barbara Partee},
        Booktitle = {Invitation to Cognitive Science},  
        Editor = {Lila R. Gleitman and Mark Liberman},
        Pages = {311-360},
        Publisher = {MIT Press},
        Address = {Cambridge, MA},
        Title = {Lexical Semantics and Compositionality, Vol. 1: {Language}},
        Year = {1995},
        Edition = {2}
}

@book{Dowty:1979,
        Address = {Dordrecht},
        Author = {Dowty, David R.},
        Keywords = {library; semantics; lexical semantics; aspect},
        Pages = {415},
        Publisher = {Reidel},
        Title = {Word meaning and {M}ontague {G}rammar},
        Year = {1979}}

@unpublished{oldlme4,
        title={lme4: {L}inear {m}ixed-effects {m}odels {u}sing {S}4 {c}lasses},
        author={Bates, Douglas and Martin M{\"a}chler},
        year={2010},
        url = {http://CRAN.R-project.org/package=lme4},
        urldate = {2019-07-04},
        note = {R package version 0.999375-33}}

@Article{lme4,
    title = {Fitting Linear Mixed-Effects Models Using {lme4}},
    author = {Douglas Bates and Martin M{\"a}chler and Ben Bolker and
        Steve Walker},
    journal = {Journal of Statistical Software},
    year = {2015},
    volume = {67},
    number = {1},
    pages = {1-48},
    doi = {10.18637/jss.v067.i01},
    %urldate = {2019-07-04},
}

       
 @Manual{R,
         title = {R: A Language and Environment for Statistical
         Computing},
         author = {{R Development Core Team}},
          address = {R Foundation for Statistical Computing, Vienna, Austria},
          year = 2012,
          url = {http://www.R-project.org/},
          urldate = {2019-07-04},
  }

@phdthesis{Grimm:2012,
  title={Number and individuation},
  author={Grimm, Scott},
  address={Stanford, CA},
  year={2012},
  school={Stanford University}
}




